@online{dependency_picture,
 author  = "Denis Boigelot",
 title   = "Correlation examples",
 year    = "2011",
 urlseen = "05-09-11",
 url     = "https://commons.wikimedia.org/wiki/File:Correlation_examples.png",
}


@book{shumway2010time,
  title={Time Series Analysis and Its Applications: With R Examples},
  author={Shumway, R.H. and Stoffer, D.S.},
  isbn={9781441978653},
  series={Springer Texts in Statistics},
  url={https://books.google.com/books?id=NIhXa6UeF2cC},
  year={2010},
  publisher={Springer New York}
}


@article{cochrane2005time,
  title={Time series for macroeconomics and finance},
  author={Cochrane, John H},
  journal={Manuscript, University of Chicago},
  year={2005}
}

@misc{charpentier2006cours,
  title={Cours de s{\'e}ries temporelles: th{\'e}orie et applications},
  author={Charpentier, Arthur},
  year={2006},
  publisher={Universit{\'e} Paris Dauphjine}
}